@article{DAN,
    author = "Yue Deng and Yilin Shen and Hongxia Jin",
    title = "Disguise Adversarial Networks for Click-through Rate Prediction",
    journal = "IJCAI",
    pages = "1589--1595",
    year = "2017",
}

@article{GAN,
    author = "Ian Goodfellow and Jean Pouget--Abadie and Mehdi Mirza and Bing Xu and David Warde-Farley and Sherjil Ozair and Aaron Courville and Yoshua Bengio",
    title = "Generative adversarial nets",
    journal = "Nips",
    pages = "2672--2680",
    year = "2014",
}

@article{SMOTE,
    author = "Nitesh V. Chawla and Kevin W. Bowyer and Lawrence O. Hall and W. Philip Kegelmeyer",
    title = "Smote: synthetic minority over-sampling technique",
    journal = "JAIR",
    number = "16",
    pages = "321--357",
    year = "2002",
}

@article{ADASYN,
    author = "Haibo He and Yang Bai and Edwardo A Garcia and Shutao Li",
    title = "Adasyn: Adaptive synthetic sampling approach for imbalanced learning",
    journal = "IJCNN",
    pages = "1322--1328",
    year = "2008",
}

@article{Autoencoders,
    author = "Pierre Baldi",
    title = "Autoencoders, Unsupervised Learning, and Deep Architectures",
    journal = "JMLR",
    pages = "37--50",
    year = "2012",
}

@article{Embeddings,
    author = "Cheng Guo and Felix Berkhahn",
    title = "Entity Embeddings of Categorical Variables",
    journal = "arXiv:1604.06737",
    year = "2016",
}
